<record xmlns="http://www.loc.gov/MARC21/slim" xmlns:xsi="http://www.w3.org/2001/XMLSchema-instance" xsi:schemaLocation="http://www.loc.gov/MARC21/slim http://www.loc.gov/standards/marcxml/schema/MARC21slim.xsd">

  <leader>00611nam a2200169Ia 4500</leader>
  <datafield ind1=" " tag="090" ind2=" ">
    <subfield code="a">CD #206</subfield>
  </datafield>
  <datafield tag="100" ind2=" " ind1=" ">
    <subfield code="a"/>
  </datafield>
  <datafield ind1=" " tag="245" ind2=" ">
    <subfield code="a">II-III Informe del Estado de Costa Rica sobre el cumplimiento de la CEDAW - abril de 1998-marzo de 2002</subfield>
  </datafield>
  <datafield ind1=" " tag="260" ind2=" ">
    <subfield code="a">San José, Costa Rica : </subfield>
    <subfield code="b">sin editorial, </subfield>
    <subfield code="c">2003</subfield>
  </datafield>
  <datafield ind1=" " ind2=" " tag="300">
    <subfield code="a">1 disco compacto</subfield>
  </datafield>
  <datafield ind2=" " tag="500" ind1=" ">
    <subfield code="a">Cedaw - Costa Rica : Convención sobre la eliminación de todas las formas de discriminación contra la mujer</subfield>
  </datafield>
  <datafield ind1=" " ind2=" " tag="650">
    <subfield code="a">DISCRIMINACION BASADA EN EL GENERO</subfield>
  </datafield>
  <datafield ind2=" " tag="650" ind1=" ">
    <subfield code="a">DERECHOS DE LA MUJER</subfield>
  </datafield>
  <datafield tag="650" ind2=" " ind1=" ">
    <subfield code="a">IGUALDAD DE GENERO</subfield>
  </datafield>
  <datafield tag="651" ind2=" " ind1=" ">
    <subfield code="a">COSTA RICA</subfield>
  </datafield>
  <datafield tag="942" ind2=" " ind1=" ">
    <subfield code="p">002398 </subfield>
  </datafield>
  <datafield tag="999" ind2=" " ind1=" ">
    <subfield code="c">2471</subfield>
    <subfield code="d">2471</subfield>
  </datafield>
</record>